

@article{Poulin2005,
  title = {Stabilizer Formalism for Operator Quantum Error Correction},
  author = {Poulin, David},
  journal = {Phys. Rev. Lett.},
  volume = {95},
  issue = {23},
  pages = {230504},
  numpages = {4},
  year = {2005},
  month = {Dec},
  publisher = {American Physical Society},
  doi = {10.1103/PhysRevLett.95.230504},
  url = {http://link.aps.org/doi/10.1103/PhysRevLett.95.230504}
}


@article{Bacon2006,
  title = {Operator quantum error-correcting subsystems for self-correcting quantum memories},
  author = {Bacon, Dave},
  journal = {Phys. Rev. A},
  volume = {73},
  issue = {1},
  pages = {012340},
  numpages = {13},
  year = {2006},
  month = {Jan},
  publisher = {American Physical Society},
  doi = {10.1103/PhysRevA.73.012340},
  url = {http://link.aps.org/doi/10.1103/PhysRevA.73.012340}
}


@article{PhysRevA.83.012320,
  title = {Subsystem codes with spatially local generators},
  author = {Bravyi, Sergey},
  journal = {Phys. Rev. A},
  volume = {83},
  issue = {1},
  pages = {012320},
  numpages = {9},
  year = {2011},
  month = {Jan},
  publisher = {American Physical Society},
  doi = {10.1103/PhysRevA.83.012320},
  url = {http://link.aps.org/doi/10.1103/PhysRevA.83.012320}
}



@article{Kitaev2006,
    title = "Anyons in an exactly solved model and beyond ",
    journal = "Annals of Physics ",
    volume = "321",
    number = "1",
    pages = "2 - 111",
    year = "2006",
    note = "January Special Issue ",
    issn = "0003-4916",
    doi = "http://dx.doi.org/10.1016/j.aop.2005.10.005",
    url = "http://www.sciencedirect.com/science/article/pii/S0003491605002381",
    author = "Alexei Kitaev"
}

@misc{Kaski2002,
Author = {Petteri Kaski},
Title = {Eigenvectors and Spectra of Cayley Graphs},
Year = {2002},
Howpublished={\url{http://www.tcs.hut.fi/Studies/T-79.300/2002S/esitelmat/kaski_paper_020506.pdf}}
}

@article{Diaconis1981,
  author={Diaconis, Persi and Shahshahani, Mehrdad},
  title={Generating a random permutation with random transpositions},
  journal={Zeitschrift f{\"u}r Wahrscheinlichkeitstheorie und Verwandte Gebiet},
  volume={57},
  number={2},
  pages={159--179},
  year={1981},
  publisher={Springer}
}


@article{Friedland2002,
  title={On Cheeger-type inequalities for weighted graphs},
  author={Friedland, Shmuel and Nabben, Reinhard},
  journal={Journal of Graph Theory},
  volume={41},
  number={1},
  pages={1--17},
  year={2002},
  publisher={Wiley Online Library}
}

@article{Jarret2015,
title={Adiabatic optimization without local minima},
author={Michael Jarret and Stephen P. Jordan},
journal={Quantum Information and Computation},
volume={15},
number={3/4},
pages={181--199},
year={2015},
publisher={Rinton Press}
}

@misc{AlShimary2010,
Author = {Abbas Al-Shimary and Jiannis K. Pachos},
Title = {{E}nergy gaps of {H}amiltonians from graph {L}aplacians},
Year = {2010},
Abstract = {The Cheeger inequalities give an upper and lower bound on the spectral gap of discrete Laplacians defined on a graph in terms of the geometric characteristics of the graph. We generalise this approach and we employ it to determine if a given discrete Hamiltonian with non-positive elements is gapped or not in the thermodynamic limit. First, we define the graph that corresponds to such a generic Hamiltonian. Then we present a suitable generalisation of the Cheeger inequalities that overcomes scaling deficiencies of the original version. By employing simple examples we illustrate how the generalised Cheeger inequalities can successfully identify gapped or gapless phases and we comment on the computational complexity of this approach.},
Comments = {4+2 pages, 5 figures, including mathematical supplement, Ising model presentation clarified},
Eprint = {arXiv:1010.4130},
Url = {http://arxiv.org/abs/1010.4130},
Howpublished = {\url{http://arxiv.org/abs/1010.4130}},
}

@article{Brzezicki2013,
  title = {Symmetry properties and spectra of the two-dimensional quantum compass model},
  author = {Brzezicki, Wojciech and Ole\ifmmode \acute{s}\else \'{s}\fi{}, Andrzej M.},
  journal = {Phys. Rev. B},
  volume = {87},
  issue = {21},
  pages = {214421},
  numpages = {13},
  year = {2013},
  month = {Jun},
  publisher = {American Physical Society},
  doi = {10.1103/PhysRevB.87.214421},
  url = {http://link.aps.org/doi/10.1103/PhysRevB.87.214421}
}


@misc{GAP4,
key          = "GAP",
organization = "The GAP~Group",
title        = "{GAP -- Groups, Algorithms, and Programming,
                    Version 4.7.7}",
year         = 2015,
url          = "\verb+(http://www.gap-system.org)+",
Howpublished = {\url{http://www.gap-system.org}},
}


@article{Kells2009,
  title = {Description of Kitaev's honeycomb model with toric-code stabilizers},
  author = {Kells, G. and Slingerland, J. K. and Vala, J.},
  journal = {Phys. Rev. B},
  volume = {80},
  issue = {12},
  pages = {125415},
  numpages = {10},
  year = {2009},
  month = {Sep},
  publisher = {American Physical Society},
  doi = {10.1103/PhysRevB.80.125415},
  url = {http://link.aps.org/doi/10.1103/PhysRevB.80.125415}
}



@misc{Gottesman1997,
author = {Daniel Gottesman},
title = {{S}tabilizer {C}odes and {Q}uantum {E}rror {C}orrection},
year = {1997},
abstract = {Controlling operational errors and decoherence is one of the major challenges facing the field of quantum computation and other attempts to create specified many-particle entangled states. The field of quantum error correction has developed to meet this challenge. A group-theoretical structure and associated subclass of quantum codes, the stabilizer codes, has proved particularly fruitful in producing codes and in understanding the structure of both specific codes and classes of codes. I will give an overview of the field of quantum error correction and the formalism of stabilizer codes. In the context of stabilizer codes, I will discuss a number of known codes, the capacity of a quantum channel, bounds on quantum codes, and fault-tolerant quantum computation.},
comments = {114 pages, LaTeX. Caltech Ph.D. Thesis},
eprint = {arXiv:quant-ph/9705052},
url = {http://arxiv.org/abs/quant-ph/9705052},
}



@misc{Dennis2001,
Author = {Eric Dennis and Alexei Kitaev and Andrew Landahl and John Preskill},
Title = {Topological quantum memory},
Year = {2001},
Eprint = {arXiv:quant-ph/0110143},
Howpublished = {J. Math. Phys. 43, 4452-4505 (2002).},
Doi = {10.1063/1.1499754},
}

@misc{Bombin06,
Author = {H. Bombin and M. A. Martin-Delgado},
Title = {Homological Error Correction: Classical and Quantum Codes},
Year = {2006},
Eprint = {arXiv:quant-ph/0605094},
Howpublished = {J.Math.Phys.48:052105,2007},
Doi = {10.1063/1.2731356},
}


@misc{Freedman13,
Author = {M. H. Freedman and M. B. Hastings},
Title = {Quantum Systems on Non-$k$-Hyperfinite Complexes: A Generalization of Classical Statistical Mechanics on Expander Graphs},
Year = {2013},
Eprint = {arXiv:1301.1363},
}

@misc{Freedman02,
Author = {Michael H. Freedman and David A. Meyer and Feng Luo},
Year = {2002}, 
Title = {$\mathbb{Z}_2$-systolic freedom and quantum codes},
XXXSeries={Mathematics of quantum computation},
XXXJournal={Comput. Math. Ser.},
XXXWherepublished={Boca Raton, FL},
XXXPublisher={Chapman \& Hall/CRC},
XXXPages = {287-320},
}

@misc{Tillich09,
Author = {Jean-Pierre Tillich and Gilles Zemor},
Title = {Quantum LDPC codes with positive rate and minimum distance proportional to $n^{1/2}$},
Year = {2009},
Eprint = {arXiv:0903.0566},
}

@misc{Michnicki12,
Author = {Kamil Michnicki},
Title = {3-d quantum stabilizer codes with a power law energy barrier},
Year = {2012},
Eprint = {arXiv:1208.3496},
}

@book{Massey,
Author = {William S. Massey},
Title = {A Basic Course in Algebraic Topology},
}


@book{Kassel10,
  title={Braid Groups},
  author={Kassel, C. and Dodane, O. and Turaev, V.},
  isbn={9781441922205},
  series={Graduate Texts in Mathematics},
  url={http://books.google.com.au/books?id=G3WlcQAACAAJ},
  year={2010},
  publisher={Springer New York}
}


@misc{Baez09,
Author = {John C. Baez and Mike Stay},
Title = {Physics, Topology, Logic and Computation: A Rosetta Stone},
Year = {2009},
Eprint = {arXiv:0903.0340},
Howpublished = {Physics, topology, logic and comp In New Structures for Physics,
  ed. Bob Coecke, Lecture Notes in Physics vol. 813, Springer, Berlin, 2011,
  pp. 95-174},
}



@book{Dehornoy02,
  title={Why are braids orderable?},
  author={Dehornoy, P.},
  isbn={9782856291351},
  lccn={2003380656},
  series={Panoramas et synth{\`e}ses - Soci{\'e}t{\'e} math{\'e}matique de France},
  url={http://books.google.com.au/books?id=MuDuAAAAMAAJ},
  year={2002},
  publisher={Soci{\'e}t{\'e} Math{\'e}matique de France}
}

@article{Pfeifer12,
  title = {Translation invariance, topology, and protection of criticality in chains of interacting anyons},
  author = {Pfeifer, Robert N. C. and Buerschaper, Oliver and Trebst, Simon and Ludwig, Andreas W. W. and Troyer, Matthias and Vidal, Guifre},
  journal = {Phys. Rev. B},
  volume = {86},
  issue = {15},
  pages = {155111},
  numpages = {28},
  year = {2012},
  publisher = {American Physical Society},
  doi = {10.1103/PhysRevB.86.155111},
  url = {http://link.aps.org/doi/10.1103/PhysRevB.86.155111}
}

@article{Pfeifer14,
Author = {Robert N. C. Pfeifer},
Title = {{M}easures of entanglement in non-{A}belian anyonic systems},
Year = {2014},
Eprint = {arXiv:1310.0373},
Url = {http://arxiv.org/abs/1310.0373},
Doi = {10.1103/PhysRevB.89.035105},
Howpublished = {Phys. Rev. B 89, 035105 (2014)},
volume = {89},
pages = {035105},
journal = {Phys. Rev. B},
}



@incollection{Baez11,
author = "John C. Baez and Aaron D. Lauda",
editor = "Hans Halvorson",
title = {A Prehistory of n-Categorical Physics}, 
booktitle = {Deep Beauty}, 
publisher = {Cambridge University Press}, 
year = {2011},
pages = {13--128},
isbn = {9780511976971}, 
note = {Cambridge Books Online}, 
url ={http://dx.doi.org/10.1017/CBO9780511976971.003}
}


@incollection{Ivanov01,
  booktitle={Handbook of Geometric Topology},
  title={Mapping Class Groups},
  author={Nikolai V. Ivanov},
  editor={Sher, R.B. and Daverman, R.J.},
  isbn={9780080532851},
  url={http://books.google.com.au/books?id=8OYxdADnhZoC},
  year={2001},
  publisher={Elsevier Science},
  pages = {523--633}
}


@incollection{Abramsky08,
  title={Temperley-Lieb algebra: from knot theory to logic and computation via quantum mechanics},
  author={Abramsky, Samson},
booktitle={Mathematics of Quantum Computing and Technology},
editor={G. Chen, L. Kauffman and S. Lomonaco},
publisher={Taylor \& Francis},
pages={415--458},
year={2007}
}

@article{abramsky2009temperley,
  title={Temperley-Lieb algebra: from knot theory to logic and computation via quantum mechanics},
  author={Abramsky, Samson},
  journal={arXiv preprint arXiv:0910.2737},
  year={2009}
}


@book{Abramsky07,
  title={Temperley-Lieb algebra: from knot theory to logic and computation via quantum mechanics},
  author={Abramsky, Samson},
  booktitle={Mathematics of Quantum Computation and Quantum Technology},
  editor={Kauffman, L. and Lomonaco, S.J.},
  isbn={9781584889007},
  lccn={2007024955},
  series={Chapman \& Hall/CRC Applied Mathematics \& Nonlinear Science},
  url={http://books.google.com.au/books?id=kd8R\_Y10U3oC},
  year={2007},
  publisher={Taylor \& Francis},
  pages={415--458}
}

@article{Bazant00,
  title = {Largest cluster in subcritical percolation},
  author = {Bazant, Martin Z.},
  journal = {Phys. Rev. E},
  volume = {62},
  issue = {2},
  pages = {1660--1669},
  numpages = {0},
  year = {2000},
  month = {Aug},
  publisher = {American Physical Society},
  doi = {10.1103/PhysRevE.62.1660},
  url = {http://link.aps.org/doi/10.1103/PhysRevE.62.1660}
}

@article{Bravyi13,
  title = {Quantum Self-Correction in the 3D Cubic Code Model},
  author = {Bravyi, Sergey and Haah, Jeongwan},
  journal = {Phys. Rev. Lett.},
  volume = {111},
  issue = {20},
  pages = {200501},
  numpages = {5},
  year = {2013},
  month = {Nov},
  publisher = {American Physical Society},
  doi = {10.1103/PhysRevLett.111.200501},
  url = {http://link.aps.org/doi/10.1103/PhysRevLett.111.200501}
}


@article{Brell13,
Author = {Courtney G. Brell and Simon Burton and Guillaume Dauphinais and Steven T. Flammia and David Poulin},
Title = {{T}hermalization, {E}rror-{C}orrection, and {M}emory {L}ifetime for {I}sing {A}nyon {S}ystems},
Year = {2013},
Eprint = {arXiv:1311.0019},
Url = {http://arxiv.org/abs/1311.0019},
}


@article{Beverland14,
    Author = {Michael E. Beverland and Robert König and Fernando Pastawski and John Preskill and Sumit Sijher},
    Title = {{P}rotected gates for topological quantum field theories},
    Year = {2014},
    Eprint = {arXiv:1409.3898},
    Url = {http://arxiv.org/abs/1409.3898},
}


@article{Freedman2002,
    year={2002},
    issn={0010-3616},
    journal={Communications in Mathematical Physics},
    volume={227},
    number={3},
    doi={10.1007/s002200200645},
    title={A Modular Functor Which is Universal for Quantum Computation},
    url={http://dx.doi.org/10.1007/s002200200645},
    publisher={Springer-Verlag},
    author={Freedman, Michael H. and Larsen, Michael and Wang, Zhenghan},
    pages={605-622},
    language={English}
}


